<?xml version="1.0" encoding="UTF-8"?>
<collection xmlns:xsi="http://www.w3.org/2001/XMLSchema-instance" xsi:schemaLocation="http://www.loc.gov/MARC21/slim http://www.loc.gov/standards/marcxml/schema/MARC21slim.xsd" xmlns="http://www.loc.gov/MARC21/slim">
<record>
  <leader>00737cam a22001931  4500</leader>
  <controlfield tag="001">3068417</controlfield>
  <controlfield tag="003">NNC</controlfield>
  <controlfield tag="005">20140922164727.0</controlfield>
  <controlfield tag="008">010820m19471950ua            000 0 ara d</controlfield>
  <datafield tag="035" ind1=" " ind2=" ">
    <subfield code="a">(OCoLC)ocm47808959</subfield>
  </datafield>
  <datafield tag="035" ind1=" " ind2=" ">
    <subfield code="9">ATP0872CU</subfield>
  </datafield>
  <datafield tag="035" ind1=" " ind2=" ">
    <subfield code="a">(NNC)3068417</subfield>
  </datafield>
  <datafield tag="040" ind1=" " ind2=" ">
    <subfield code="a">ZCU</subfield>
    <subfield code="c">ZCU</subfield>
  </datafield>
  <datafield tag="099" ind1=" " ind2=" ">
    <subfield code="a">893.799</subfield>
    <subfield code="a">W139</subfield>
  </datafield>
  <datafield tag="100" ind1="1" ind2=" ">
    <subfield code="a">Wakīʻ, Muḥammad ibn Khalaf ibn Haiyān,</subfield>
    <subfield code="d">-approximately 941.</subfield>
  </datafield>
  <datafield tag="245" ind1="1" ind2="0">
    <subfield code="a">Akhbār al-quḍāt,</subfield>
    <subfield code="c">taʾlīf Wakīʻ Muḥammad ibn Khalaf ibn Ḥaiyān. Ṣaḥḥahū waʻallaqa ʻalaihi wakharraja aḥādīthahū ʻAbd-al-ʻAzīz Muṣṭafā al-Marāghī.</subfield>
  </datafield>
  <datafield tag="260" ind1=" " ind2=" ">
    <subfield code="a">al-Qāhirah,</subfield>
    <subfield code="b">al-Maktabah al-Tijārīyah al-Kubrā,</subfield>
    <subfield code="c">1366-1369 [h.], 1947-1950 [m.]</subfield>
  </datafield>
  <datafield tag="300" ind1=" " ind2=" ">
    <subfield code="a">3 v.</subfield>
  </datafield>
  <datafield tag="955" ind1=" " ind2=" ">
    <subfield code="b">0043225691</subfield>
    <subfield code="d">glx</subfield>
    <subfield code="e">893.799 W139</subfield>
    <subfield code="v">v.1</subfield>
  </datafield>
</record>
</collection>